@Article{mayer1970anbauversuch,
  Title                    = {Ergebnisse von Anbauversuchen mit ausl\"{a}ndischen Baumarten im Forstlichen Versuchsgarten der Hochschule f\"{u}r Bodenkultur},
  Author                   = {Hannes Mayer and Max Schreiber},
  Journal                  = {Centralblatt f\"{u}r das gesamte Forstwesen},
  Year                     = {1970},
  volume    = {87},
  number    = {3},
  Pages                    = {145-165}
}