@article{schuett1993LexikonDerForstbotanik,
author = {Mohr, H.},
title = {Lexikon der Forstbotanik. Morphologie, Pathologie, Ökologie und Systematik wichtiger Baum- und Straucharten. Hrsg. von P. Schütt, H. J. Schuck und B. Stimm. Ecomed Verlagsgesellschaft, Landsberg 1991, DM 198,– ISBN 3-60965800-2},
journal = {Biologie in unserer Zeit},
volume = {23},
number = {3},
pages = {154-154},
doi = {https://doi.org/10.1002/biuz.19930230313},
url = {https://onlinelibrary.wiley.com/doi/abs/10.1002/biuz.19930230313},
eprint = {https://onlinelibrary.wiley.com/doi/pdf/10.1002/biuz.19930230313},
year = {1993}
}

@book{stimm2014EnyklopedieDerHolzgewaechse,
  doi = {10.1002/9783527678518},
  url = {https://doi.org/10.1002/9783527678518},
  year = {2014},
  month = jan,
  publisher = {Wiley},
  editor = {Bernd Stimm and Andreas Roloff and Ulla M Lang and Horst Weisgerber},
  title = {Enzyklop\"{a}die der Holzgew\"{a}chse: Handbuch und Atlas der Dendrologie}
}

@Book{mayr1906FremdlaendischeWaldUndParkbaeumeFuerEuropa,
  Title                    = {Fremdländische Wald-- und Parkbäume für Europa},
  Author                   = {Heinrich Mayr},
  Year                     = {1906},
}

@book{hieke1989Dendrologie,
        author = {Karel Hieke},
        title = {Praktische Dendrologie},
        publisher = {Deutscher Landwirtschaftsverlag},
        year = {1989},
 ISBN = {3331004308}
}

@book{fitschen2017Gehoelzflora,
        author = {Peter A. Schmidt and Bernd Schulz},
        title = {Fitschen Gehölzflora},
        publisher = {Quelle \& Meyer},
        year = {2019},
 ISBN = {978-3-494-01712-9}
}

@book{schmeil2019Exkursionsflora,
        author = {Gerald Parolly and Jens G. Rohwer and Michael Koltzenburg and Birgit Nordt and Peter A. Schmidt },
        title = {Schmeil--Fitschen Die Flora Deutschlands und angrenzender Länder},
        publisher = {Quelle \& Meyer},
        year = {2019},
 ISBN = {349401700X}
}

@book{rothmaler2021Exkursionsflora,
        author = {Frank Müller and Christiane M. Ritz and Erik Welk and Karsten Wesche},
        title = {Rothmaler Exkursionsflora von Deutschland},
        publisher = {Springer},
        year = {2021},
 ISBN = {3662610108}
}

@book{oberdorfer2001Exkursionsflora,
        author = {Erich Oberdorfer and Angelika Schwabe and Theo Müller},
        title = {Pflanzensoziologische Exkursionsflora für Deutschland und angrenzende Gebiete},
        publisher = {Ulmer},
        year = {2001},
 ISBN = {3800131315}
}

@Book{fischer2008Exkursionsflora,
  Title                    = {Exkursionsflora für Österreich, Liechtenstein und Südtirol},
  Author                   = {Manfred A. Fischer and Karl Oswald and Wolfgang Adler},
  Publisher                = {Biologiezentrum der Oberösterreichischen Landesmuseen},
  Year                     = {2008},
  ISBN = {978-3-85474-187-9},
}

@book{ec2016baumartenatlas,
  place = {LU},
  title = {European atlas of forest tree species.},
  url = {https://data.europa.eu/doi/10.2760/776635},
  DOI = {10.2760/776635},
  publisher = {Publications Office},
  author = {European Commission. Joint Research Centre.},
  year = {2016}
}

@Book{leibundgut1984Waldbaeume,
  Title                    = {Unsere Waldbäume},
  Author                   = {Hans Leibundgut},
  Publisher                = {rauenfeld, Stuttgart: Huber},
  Year                     = {1984},
}

@Book{eth2002MitteleuropaeischeWaldbaumarten,
  Title                    = {Mitteleuropäische Waldbaumarten},
  Author                   = {ETH},
  Publisher                = {ETH Zürich},
  Year                     = {1995},
}

@Book{bauer1962WaldbauAlsWissenschaft,
  Title                    = {Waldbau als Wissenschaft},
  Author                   = {Friedrich Wilhelm Bauer},
  Year                     = {1962},
}

@Book{koestler1950Waldbau,
  Title                    = {Waldbau},
  Author                   = {Josef Köstler},
  Publisher                = {Parey},
  Year                     = {1950},
}

@Book{rubner1960Waldbau,
  Title                    = {Die pflanzengeographischen Grundlagen des Waldbaues},
  Author                   = {Konrad Rubner},
  Publisher                = {Neumann},
  Year                     = {1960},
}

@Book{rittershofer2006Waldbau,
  Title                    = {Waldpflege und Waldbau},
  Author                   = {Fredo Rittershofer},
  Year                     = {2006},
}

@Book{tschermak1950Waldbau,
  Title                    = {Waldbau},
  Author                   = {Leo Tschermak},
  Publisher                = {Springer},
  Year                     = {1950},
}

@Book{Dengler2020Waldbau,
  title     = {Waldbau auf ökologischer Grundlage},
  publisher = {Ulmer},
  year      = {2020},
  author    = {Norbert Bartsch, Burghard von Lüpke, Ernst Röhrig},
  ISBN      = {9783825287542},
}

@Book{burschel2003Waldbau,
  Title                    = {Grundriss des Waldbaus: ein Leitfaden f{\"u}r Studium und Praxis},
  Author                   = {Burschel, P. and Huss, J.},
  Publisher                = {Ulmer},
  Year                     = {2003},
  Series                   = {Pareys Studientexte},
  ISBN                     = {9783800145706}
}

@Book{hegi1906IllustrierteFloraBd1,
  title     = {Illustrierte Flora von Mittel--Europa, Band 1},
  publisher = {J. F. Lehmann, München},
  year      = {1906},
  author    = {Gustav Hegi}
}

@Book{wagner1923DerBlendersaumschlagUndSeinSystem,
  title     = {Der Blendersaumschlag und sein System},
  publisher = {Paul Parey},
  year      = {1923},
  author    = {Christof Wagner},
}

@Article{mayer1970anbauversuch,
  Title                    = {Ergebnisse von Anbauversuchen mit ausl\"{a}ndischen Baumarten im Forstlichen Versuchsgarten der Hochschule f\"{u}r Bodenkultur},
  Author                   = {Hannes Mayer and Max Schreiber},
  Journal                  = {Centralblatt f\"{u}r das gesamte Forstwesen},
  Year                     = {1970},
  volume    = {87},
  number    = {3},
  Pages                    = {145-165}
}

@Book{mayer1992Waldbau,
  Title                    = {Waldbau},
  Author                   = {Hannes Mayer},
  Editor                   = {4},
  Publisher                = {Gustav Fischer},
  Year                     = {1992},
}

@Article{mayer1977KarteWaldtypen,
  author    = {Hannes Mayer},
  title     = {Karte der natürlichen Wälder des Ostalpenraumes},
  journal   = {Centralblatt für das gesamte Forstwesen},
  year      = {1977},
  volume    = {94},
  number    = {3},
  pages     = {147--153},
}