@Booklet{guttenberg1885Wachstumsgesetze,
  Title                    = {Die Wachstumsgesetze des Waldes},
  Author                   = {Adolf Ritter von Guttenberg},
  HowPublished             = {Vortrag gehalten im wissenschaftlichen Club zu Wien am 16. April 1885},
  Year                     = {1885}
}

@Misc{guttenberg1912ZuwachslehreInHandbuchDerForstwissenschaft,
  Title                    = {Aus der Zuwachslehre},
  Author                   = {Adolf Ritter von Guttenberg},
  HowPublished             = {In Handbuch der Forstwissenschaften},
  Year                     = {1912}
}

@Book{vanselow1941Zuwachslehre,
  Title                    = {Einführung in die Forstliche Zuwachs- und Ertragslehre},
  Author                   = {Karl Vanselow},
  Publisher                = {J.D. Sauerländer},
  Year                     = {1941}
}

@Book{weck1948,
  Title                    = {Forstliche Zuwachs- und Ertragskunde},
  Author                   = {Weck},
  Publisher                = {Neumann},
  Year                     = {1948}
}

@Book{wiedemann1951Ertragskunde,
  Title                    = {Ertragskundliche und walbauliche Grundlagen der Forstwirtschaft},
  Author                   = {Eilhard Wiedemann},
  Publisher                = {J. D. Sauerländer},
  Year                     = {1951}
}

@Book{assmann1961Waldertraskunde,
  Title                    = {Waldertragskunde},
  Author                   = {Ernst Assmann},
  Publisher                = {BLV},
  Year                     = {1961}
}

@Book{erteld1966Waldertragslehre,
  Title                    = {Waldertragslehre},
  Author                   = {Erteld, W. and Hengst, E.},
  Publisher                = {Neumann},
  Year                     = {1966}
}

@Book{mitscherlich1975WaldWachstumUmwelt,
  Title                    = {Wald Wachstum und Umwelt},
  Author                   = {Gerhard Mitscherlich},
  Publisher                = {J. D. Sauerländer},
  Year                     = {1975}
}

@Book{kramer1988Waldwachstumslehre,
  Title                    = {Waldwachstumslehre},
  Author                   = {Horst Kramer},
  Publisher                = {Paul Parey},
  Year                     = {1988}
}

@Book{wenk1990Waldertragslehre,
  Title                    = {Waldertragslehre},
  Author                   = {Günter Wenk and Vaidotas Antanaitis and Stefan Smelko},
  Publisher                = {Deutscher Landwirtschaftsverlag Berlin},
  Year                     = {1990}
}

@book{Gadow1999Modelling,
  title = {Modelling Forest Development},
  ISBN = {9789401148160},
  ISSN = {1875-1334},
  url = {http://dx.doi.org/10.1007/978-94-011-4816-0},
  DOI = {10.1007/978-94-011-4816-0},
  journal = {Forestry Sciences},
  publisher = {Springer Netherlands},
  author = {Klaus Gadow and Gangying Hui},
  year = {1999}
}

@book{Gadov2003Waldstruktur,
  doi = {10.13140/2.1.2664.2566},
  url = {http://rgdoi.net/10.13140/2.1.2664.2566},
  author = {Klaus Gadow},
  title = {Waldstruktur und Wachstum},
  publisher = {Universitaetsverlag Goettingen},
  year = {2003}
}

@Book{pretzsch2002Grundlagen,
  Title                    = {Grundlagen der Waldwachstumsforschung},
  Author                   = {Pretzsch, H.},
  Publisher                = {Parey},
  Year                     = {2002}
}

@BOOK{Pretzsch2003Modellierung,
  title     = "Modellierung des Waldwachstums",
  author    = "Pretzsch, Hans",
  publisher = "Verlag Eugen Ulmer",
  edition   =  1,
  month     =  jun,
  year      =  2003,
  address   = "Stuttgart, Germany",
  language  = "de"
}

@misc{Vanclay2006,
  title = {Forest Growth and Yield Modeling},
  ISBN = {9780470057339},
  url = {http://dx.doi.org/10.1002/9780470057339.vaf011},
  DOI = {10.1002/9780470057339.vaf011},
  journal = {Encyclopedia of Environmetrics},
  publisher = {Wiley},
  author = {Vanclay,  Jerome K.},
  year = {2006},
  month = sep
}

@book{Weiskittel2011,
  title = {Forest Growth and Yield Modeling},
  ISBN = {9781119998518},
  url = {http://dx.doi.org/10.1002/9781119998518},
  DOI = {10.1002/9781119998518},
  publisher = {Wiley},
  author = {Weiskittel,  Aaron R. and Hann,  David W. and Kershaw,  John A. and Vanclay,  Jerome K.},
  year = {2011},
  month = aug
}

@book{Pretzsch2019,
  title = {Grundlagen der Waldwachstumsforschung},
  ISBN = {9783662581551},
  url = {http://dx.doi.org/10.1007/978-3-662-58155-1},
  DOI = {10.1007/978-3-662-58155-1},
  publisher = {Springer Berlin Heidelberg},
  author = {Pretzsch,  Hans},
  year = {2019}
}