@article{campagnaro2018alien,
title = {Five major invasive alien tree species in European Union forest habitat types of the Alpine and Continental biogeographical regions},
journal = {Journal for Nature Conservation},
volume = {43},
pages = {227-238},
year = {2018},
issn = {1617-1381},
doi = {https://doi.org/10.1016/j.jnc.2017.07.007},
author = {Thomas Campagnaro and Giuseppe Brundu and Tommaso Sitzia},
}

@book{hartig1798robinie,
  title={Bewei{\ss}, da{\ss} durch die Anzucht der wei{\ss}bl{\"u}henden Acacie schon wirklich entstandenem oder nahe bevorstehendem Brennholzmangel nicht abgeholfen werden kann. Nebst einem Vorschlag auf welche Art dieser gro{\ss}e Zweck viel sicherer zu erreichen seyn m{\"o}chte},
  author={Georg Ludwig Hartig},
  year={1798}
}

@Book{medicus1794ffRobinie,
  editor = 	 {Friedrich Casimir Medicus},
  title = 	 {Unächter Acacien-Baum, Zur Ermunterung des allgemeinen Anbaus dieser in ihrer Art einzigen Holzart},
  publisher = 	 {Heinrich Gräff, Leipzig},
  year = 	 {1794--1803},
}

@article{lee2004robinie,
title = {Stand dynamics of introduced black locust (Robinia pseudoacacia L.) plantation under different disturbance regimes in Korea},
journal = {Forest Ecology and Management},
volume = {189},
number = {1},
pages = {281-293},
year = {2004},
issn = {0378-1127},
doi = {https://doi.org/10.1016/j.foreco.2003.08.012},
author = {Chang-Seok Lee and Hyun-Je Cho and Hoonbok Yi},
}

@Article{vilmos1903robiniensorten,
  author = 	 {Kondor Vilmos},
  title = 	 {Az ákácz gyakorlati jelentősége},
  journal = 	 {Erdészeti lapok},
  year = 	 {1908},
  volume = 	 {3},
  number = 	 {47},
  pages = 	 {113--127},
}

@article{terwei2013nonNative,
title = {Which are the factors controlling tree seedling establishment in North Italian floodplain forests invaded by non-native tree species?},
journal = {Forest Ecology and Management},
volume = {304},
pages = {192-203},
year = {2013},
issn = {0378-1127},
doi = {https://doi.org/10.1016/j.foreco.2013.05.003},
author = {André Terwei and Stefan Zerbe and Achim Zeileis and Peter Annighöfer and Heike Kawaletz and Inga Mölder and Christian Ammer},
}

@article{radtke2013robinieNiederwald,
title = {Traditional coppice forest management drives the invasion of Ailanthus altissima and Robinia pseudoacacia into deciduous forests},
journal = {Forest Ecology and Management},
volume = {291},
pages = {308-317},
year = {2013},
issn = {0378-1127},
doi = {https://doi.org/10.1016/j.foreco.2012.11.022},
author = {A. Radtke and S. Ambraß and S. Zerbe and G. Tonon and V. Fontana and C. Ammer},
}

@article{petrasova2013neophyten,
title = {Neophytes in Pannonian hardwood floodplain forests – History, present situation and trends},
journal = {Forest Ecology and Management},
volume = {308},
pages = {31-39},
year = {2013},
issn = {0378-1127},
doi = {https://doi.org/10.1016/j.foreco.2013.07.041},
author = {Mária Petrášová and Ivan Jarolímek and Jana Medvecká},
}

@article{maringer2012robinePostFire,
title = {Post-fire spread of alien plant species in a mixed broad-leaved forest of the Insubric region},
journal = {Flora - Morphology, Distribution, Functional Ecology of Plants},
volume = {207},
number = {1},
pages = {19-29},
year = {2012},
issn = {0367-2530},
doi = {https://doi.org/10.1016/j.flora.2011.07.016},
author = {Janet Maringer and Thomas Wohlgemuth and Christophe Neff and Gianni Boris Pezzatti and Marco Conedera},
}

@article{rahmonov2009robinieLitter,
title = {The chemical composition of plant litter of black locust (Robinia pseudoacacia L.) and its ecological role in sandy ecosystems},
journal = {Acta Ecologica Sinica},
volume = {29},
number = {4},
pages = {237-243},
year = {2009},
issn = {1872-2032},
doi = {https://doi.org/10.1016/j.chnaes.2009.08.006},
author = {Oimahmad Rahmonov},
}

@article{sebert2007invasiv,
title = {Local population dynamics of an invasive tree species with a complex life-history cycle: A stochastic matrix model},
journal = {Ecological Modelling},
volume = {201},
number = {2},
pages = {127-143},
year = {2007},
issn = {0304-3800},
doi = {https://doi.org/10.1016/j.ecolmodel.2006.09.005},
author = {Emmanuelle Sebert-Cuvillier and Frédéric Paccaut and Olivier Chabrerie and Patrick Endels and Olivier Goubet and Guillaume Decocq},
}

@article{szyp2023robinie,
author = {Szyp-Borowska, Iwona and Zawadzka, Anna and Wojda, Tomasz and Klisz, Marcin},
doi = {10.2478/ffp-2023-0019},
title = {Analysis of the genetic diversity and population structures of black locust (Robinia pseudoacacia L.) stands in Poland based on simple sequence repeat markers},
journal = {Folia Forestalia Polonica},
number = {4},
volume = {65},
year = {2023},
pages = {187--198}
}

@ARTICLE{langmaier2020alienPlants,
AUTHOR={Langmaier, Magdalena  and Lapin, Katharina },
TITLE={A Systematic Review of the Impact of Invasive Alien Plants on Forest Regeneration in European Temperate Forests},
JOURNAL={Frontiers in Plant Science},
VOLUME={Volume 11 - 2020},
YEAR={2020},
DOI={10.3389/fpls.2020.524969},
ISSN={1664-462X},
}

@book{carlowitz1713sylvicultura,
  title={Sylvicultura oeconomica oder hausswirthliche Nachricht und naturm{\"a}ßige Anweisung zur wilden Baum-Zucht},
  author={Hannß Carl von Carlowitz},
  year={1713},
  publisher = 	 {Johann Friedrich Braun},
  address = 	 {Leipzig},
}

@article{lee2007robinieKorea,
author = {
 Lee, Kyung Joon and Sohn, Jae Hyung and Redei, K. and Yun, Hye Young},
year = {2007},
month = {05},
pages = {170--177},
title = {Selection of early and late flowering Robinia pseudoacacia from domesticated and introduced cultivars in Korea and prediction of flowering period by accumulated temperature}
}

@ARTICLE{wojda2015robiniePolen,
 author={Wojda, Tomasz and Klisz, Marcin and Jastrzębowski, Szymon and Mionskowski, Marcin and Szyp-Borowska, Iwona and Szczygieł, Krystyna},
 number={22},
 journal={Papers on Global Change IGBP},
 year={2015},
 publisher={Polish Academy of Sciences},
 title={The Geographical Distribution of the Black Locust (Robinia pseudoacacia L.) in Poland and its Role on Non--Forest Land},
 doi={10.1515/igbp-2015-0018},
}


@article{schroeck1953robine,
  title = {Beitrag zur Z\"{u}chtung der Robinie (Robinia pseudacacia)},
  volume = {23},
  ISSN = {0514-0641},
  DOI = {10.1007/bf00775682},
  number = {9},
  journal = {Der Z\"{u}chter},
  publisher = {Springer Science and Business Media LLC},
  author = {Schr\"{o}ck,  Otto},
  year = {1953},
  month = 9,
  pages = {266--272}
}

@article{redei2018robinieImprovement,
title={Improvement of black locust (Robinia pseudoacacia L.) growing under marginal site conditions in Hungary: case studies},
DOI={10.34101/actaagrar/74/1677},
number={74},
journal={Acta Agraria Debreceniensis},
author={Rédei, Károly and Keserű, Zsolt and Csiha, Imre and Rásó, János and Bakti, Beatrix and Takács, Marianna},
year={2018},
month={6},
pages={129--133}
}

@Article{barna2009robinieTurbo,
  author = 	 {Tamás Barna and Gábor Szulcsán},
  title = 	 {Comparative Examination of Various Black Locust Clones (Robinia pseudoacacia L.)},
  journal = 	 {Journal of Engineering, Annals of Faculty of Engineering Hunedoara},
  year = 	 {2009},
  ISSN = {1584 – 2665},
  volume = 	 {7},
  number = 	 {1},
  pages = 	 {195--198},
}

@article{redei2008robinieImprovement,
title={Black Locust (Robinia pseudoacacia L.) Improvement in Hungary: a Review},
volume={4},
DOI={10.37045/aslh-2008-0011},
number={1},
journal={Acta Silvatica \& Lignaria Hungarica},
author={Rédei, Károly and Osváth-Bujtás, Zoltán and Veperdi, Irina},
year={2008},
month={1},
pages={127--132}
}

@article{redei2007robinieSelektion,
title={Clonal selection of black locust (Robinia pseudoacacia L.) in Hungary: a review},
volume={13},
DOI={10.31421/IJHS/13/3/763},
number={3},
journal={International Journal of Horticultural Science},
author={Rédei, K. and Osváth-Bujtás, Z. and Keserű, Zs.},
year={2007},
month={9},
pages={153--156}
}

@article{Redei2001robinieVermehrung,
  title = {Propagation methods for black locust (Robinia pseudoacacia L.) improvement in Hungary},
  volume = {12},
  ISSN = {1993-0607},
  DOI = {10.1007/bf02856710},
  number = {4},
  journal = {Journal of Forestry Research},
  publisher = {Springer Science and Business Media LLC},
  author = {Redei,  Károly and Osváth-Bujtás,  Zoltán and Balla,  Ildikó},
  year = {2001},
  month = 12,
  pages = {215--219}
}

@article{csiha2016robinie,
title={Black locust (Robinia pseudoacacia L.) selection programmes in Hungary: a short review},
volume={22},
DOI={10.31421/IJHS/22/3-4./1189},
number={3-4},
journal={International Journal of Horticultural Science},
author={Csiha, I. and Keserű, Zs. and Rásó, J. and Rédei, K.},
year={2016},
month={10},
pages={31--34.}
}

@Article{lange2022robinie,
AUTHOR = {Lange, Christian A. and Knoche, Dirk and Hanschke, Robin and Löffler, Sonja and Schneck, Volker},
TITLE = {Physiological Performance and Biomass Growth of Different Black Locust Origins Growing on a Post-Mining Reclamation Site in Eastern Germany},
JOURNAL = {Forests},
VOLUME = {13},
YEAR = {2022},
NUMBER = {2},
ARTICLE-NUMBER = {315},
URL = {https://www.mdpi.com/1999-4907/13/2/315},
ISSN = {1999-4907},
DOI = {10.3390/f13020315}
}

@article{naujoks2005robinie,
  title={Die Mikrovermehrung ausgelesener Elite-Robinienklone -- eine Chance für erfolgreichen Robinienanbau},
  author={Naujoks, Gisela and Schneck, Volker and Hutter, Imke and Grotkass, Carolin},
  journal={Forst und Holz},
  volume={60},
  number={11},
  pages={458--460},
  year={2005},
  publisher={M. \& H. SCHAPER GMBH \& CO. KG}
}

@inproceedings{erteld1952robinieErtrag,
  author = 	 {Werner Erteld},
  editor = 	 {Kurt Göhre},
  booktitle = 	 {Die Robinie (falsche Akazie) und ihr Holz},
  title  = 	 {Wachstum und Ertrag der Robinie im Gebiet der Deutschen Demokratischen Republick},
  publisher = 	 {Deutscher Bauernverlag},
  year = 	 {1952},
}

@Article{pfeil1850robinie,
  author = 	 {W. Pfeil},
  title = 	 {Zur Beantwortung der Frage: \dots welches ist die beste Art der Kultur der Akazie \dots},
  journal = 	 {Kritische Blätter für Forst- und Jagdwissenschaft, in Verbindung mit mehreren Forstmännern und Gelehrten},
  year = 	 {1850},
  volume = 	 {1},
  number = 	 {29},
  pages = 	 {193--203},
}

@Book{pfeil1860holzzucht,
  author = 	 {W. Pfeil},
  title = 	 {Die deutsche Holzzucht},
  publisher = 	 {Baumgärtner's Buchhandlung},
  year = 	 {1860},
}

@Book{pfeil1829deutscheWaldbaeume,
  author = 	 {W. Pfeil},
  title = 	 {Das forstliche Verhalten der deutschen Waldbäume und ihre Erziehung},
  publisher = 	 {J. W. Boike},
  year = 	 {1829},
}

@inproceedings{donaubauer1974kiefernsterben,
  author = 	{Edwin Donaubauer},
  editor = 	{Johann Egger},
  title = 	{Über das Kiefernsterben in Österreich},
  booktitle = 	 {100 Jahre Forstliche Bundesversuchsanstalt},
  year = 	{1974},
  publisher = 	{Forstliche Bundesversuchsanstalt, Carl Ueberreuter},
  address = 	{Wien},
  pages = 	{67--98},
}

@Article{gaier2009robinieVorverjuengung,
  author = 	 {Gaier, Christine and Ertle, Christoph and Spathelf, Peter},
  title = 	 {Voranbau von Laubholz auf Kippstandorten der Niederlausitz. Wuchsleistung, Qualität und Konkurrenzverhalten},
  journal = 	 {AFZ-DerWald},
  year = 	 {2009},
  number = 	 {64},
  pages = 	 {226--228},
}

@article{Kanzler2021robinieBodenc,
  title = {The development of soil organic carbon under young black locust (Robinia pseudoacacia L.) trees at a post-mining landscape in eastern Germany},
  volume = {52},
  ISSN = {1573-5095},
  DOI = {10.1007/s11056-020-09779-1},
  number = {1},
  journal = {New Forests},
  publisher = {Springer Science and Business Media LLC},
  author = {Kanzler,  Michael and B\"{o}hm,  Christian and Freese,  Dirk},
  year = {2021},
  month = {1},
  pages = {47--68}
}

@article{kastler2013robinieBoden,
  doi = {10.25365/THESIS.28180},
  author = {Kastler,  Bernadette},
  language = {de},
  title = {Einfluss von "Robinia pseudoacacia" auf die Bodenvegetation und die N\"{a}hrstoffverh\"{a}ltnisse im Nationalpark Donau-Auen},
  year = {2013}
}

@Article{penschuck1931robinieBodenphysik,
  author = 	 {H. Penschuck},
  title = 	 {Über den Einfluß verschiedener Holzarten auf einzelne physikalische Eigenschaften leichter Waldböden},
  journal = 	 {Mitteilungen aus Forstwirtschaft und Forstwissenschaft},
  year = 	 {1931},
}

@Article{albert1926robinieBodenlockerheit,
  author = 	 {R. Albert and H. Penschuck},
  title = 	 {Über den Einfluß verschiedener Holzarten auf den Lockerheitsgrad des Bodens},
  journal = 	 {Zeitschrift für Forst-- und Jagdwesen},
  year = 	 {1926},
}

@incollection{lyr1967wurzel,
title = {Growth Rates and Growth Periodicity of Tree Roots},
editor = {JOHN A. ROMBERGER and PEITSA MIKOLA},
series = {International Review of Forestry Research},
publisher = {Elsevier},
volume = {2},
pages = {181-236},
year = {1967},
issn = {0074-7726},
doi = {https://doi.org/10.1016/B978-1-4831-9976-4.50011-X},
author = {HORST LYR and GÜNTER HOFFMANN}
}

@article{bunger1938robinieWurzeltiefe,
    author = {Bunger, Myron T. and Thomson, Hugh J.},
    title = {Root Development as a Factor in the Success or Failure of Windbreak Trees in the Southern High Plains},
    journal = {Journal of Forestry},
    volume = {36},
    number = {8},
    pages = {790-803},
    year = {1938},
    month = {08},
    issn = {0022-1201},
    doi = {10.1093/jof/36.8.790},
}

@Article{lange2021robinie,
  author = 	{Lange, Christian A.
		and Knoche, Dirk
		and Schneck, Volker
		and Anders, Annette},
  title = 	{Die Robinie - Anbauversuch unter schwierigen Bedingungen},
  journal = 	{AFZ, der Wald: allgemeine Forstzeitschrift f{\"u}r Waldwirtschaft und Umweltvorsorge},
  year = 	{2021},
  publisher = 	{Dt. Landwirtschaftsverl.; BLV},
  volume = 	{76},
  number = 	{2},
  pages = 	{24--29},
  issn = 	{1430-2713},
  language = 	{de}
}

@inproceedings{hofmann2020robinie,
  author = 	{Hofmann, Martin
		and Grotehusmann, Helmut
		and Schneck, Volker},
  editor = 	{Liesebach, Mirko},
  title = 	{Robinie - eine Option f{\"u}r den Klimawandel? - Erste Ergebnisse einer Klonpr{\"u}fung},
  booktitle = 	 {6. Tagung der Sektion Forstgenetik/Forstpflanzenz{\"u}chtung ; Dresden, Deutschland ; 2019.09.16-18},
  year = 	{2020},
  publisher = 	{Johann Heinrich von Th{\"u}nen-Institut},
  address = 	{Braunschweig},
  volume = 	{76},
  pages = 	{211--221},
  isbn = 	{978-3-86576-209-2},
  issn = 	{2196-2324},
  doi = 	{10.3220/REP1584625360000},
  language = 	{de}
}

@Article{benthien2020robinieTropenholz,
  author = 	{Benthien, Jan
		and G{\"a}ckler, Susanne
		and Ohlmeyer, Martin},
  title = 	{Robinie im Stall : Alternativen zu Tropenholz gesucht},
  journal = 	{Holz-Zentralblatt: unabh{\"a}ngiges Organ f{\"u}r die Forst- und Holzwirtschaft},
  year = 	{2020},
  publisher = 	{DRW-Verl. Weinbrenner},
  volume = 	{146},
  number = 	{6},
  pages = 	{134},
  issn = 	{0018-3792},
  language = 	{de}
}

@Article{ciuvat2022robinieRumaenien,
AUTHOR = {Ciuvăț, Alexandru Liviu and Abrudan, Ioan Vasile and Ciuvăț, Cristiana Georgeta and Marcu, Cristiana and Lorenț, Adrian and Dincă, Lucian and Szilard, Bartha},
TITLE = {Black Locust (Robinia pseudoacacia L.) in Romanian Forestry},
JOURNAL = {Diversity},
VOLUME = {14},
YEAR = {2022},
NUMBER = {10},
ARTICLE-NUMBER = {780},
ISSN = {1424-2818},
DOI = {10.3390/d14100780}
}


@Book{jacquin1825univGarten,
  author = 	 {Joseph Franz von Jacquin},
  title = 	 {Der Universitäts--Garten in Wien},
  publisher = 	 {Carl Gerold},
  year = 	 {1825},
}

@Article{kohler1963robinie,
  author = 	 {Kohler Alexander},
  title = 	 {Zum pflanzengeographischen Verhalten der Robinie in
Deutschland},
  journal = 	 {Beiträge zur naturkundlichen Forschung in
Südwestdeutschland},
  year = 	 {1963},
  volume = 	 {22},
  number = 	 {1},
  pages = 	 {3--18},
}

@article{mcintyre1932robinie,
    author = {McIntyre, Arthur C. and Jeffries, C. D.},
    title = {The Effect of Black Locust on Soil Nitrogen and Growth of Catalpa},
    journal = {Journal of Forestry},
    volume = {30},
    number = {1},
    pages = {22--28},
    year = {1932},
    month = {01},
    issn = {0022-1201},
    doi = {10.1093/jof/30.1.22},
}

@article{chapman1935robinie,
 ISSN = {00129615},
 author = {A. G. Chapman},
 journal = {Ecological Monographs},
 number = {1},
 pages = {37--60},
 publisher = {Ecological Society of America},
 title = {The Effects of Black Locust on Associated Species with Special Reference to Forest Trees},
 volume = {5},
 year = {1935}
}

@article{ferguson1922robinie,
    author = {J. A. Ferguson},
    title = {Influence Of Locust On The Growth Of Catalpa},
    journal = {Journal of Forestry},
    volume = {20},
    number = {3},
    pages = {318--319},
    year = {1922},
    month = {03},
    issn = {0022-1201},
    doi = {10.1093/jof/20.3.310},
}

@article{kowarik1996robinie,
author = {Kowarik, Ingo},
year = {1996},
month = {01},
pages = {173-181},
title = {Funktionen klonalen Wachstums von Bäumen bei der Brachflächen--Sukzession unter besonderer Beachtung von Robinia pseudoacacia},
volume = {26},
journal = {Verhandlungen der Gesellschaft für Ökologie}
}

@article{kowarik1990robinie,
author = {Kowarik, Ingo},
year = {1990},
month = {01},
pages = {33-67},
title = {Zur Einführung und Ausbreitung der Robinie (Robinia pseudoacacia L.) in Brandenburg und zur Gehölzsukzession ruderaler Robinienbestände in Berlin},
volume = {8},
journal = {Verhandlungen des Berliner Botanischen Vereins}
}

@Article{keresztesi1974robinie,
  author = 	 {Béla Keresztesi},
  title = 	 {Erdőgazdaságunk Fejlesztésének Néhány Kérdése},
  journal = 	 {Agrártudományi Közlemények},
  year = 	 {1974},
  volume = 	 {33},
  number = 	 {2--4},
  pages = 	 {285--301},
}

@ARTICLE{dordevic2022nussAllelopathi,
AUTHOR={Đorđević, Tijana  and Đurović-Pejčev, Rada  and Stevanović, Marija  and Sarić-Krsmanović, Marija  and Radivojević, Ljiljana  and Šantrić, Ljiljana  and Gajić-Umiljendić, Jelena },
TITLE={Phytotoxicity and allelopathic potential of Juglans regia L. leaf extract},
JOURNAL={Frontiers in Plant Science},
VOLUME={Volume 13 - 2022},
YEAR={2022},
DOI={10.3389/fpls.2022.986740},
ISSN={1664-462X},
}

@article{csiszar2009allelopathy,
title={Allelopathic Effects of Invasive Woody Plant Species in Hungary},
volume={5},
DOI={10.37045/aslh-2009-0001},
number={1},
journal={Acta Silvatica \& Lignaria Hungarica},
author={Csiszár, Ágnes},
year={2009}, month={1},
pages={9--17} }

@article{sitzia2012robinie,
title = {Plant species diversity in alien black locust stands: A paired comparison with native stands across a north-Mediterranean range expansion},
journal = {Forest Ecology and Management},
volume = {285},
pages = {85-91},
year = {2012},
issn = {0378-1127},
doi = {https://doi.org/10.1016/j.foreco.2012.08.016},
url = {https://www.sciencedirect.com/science/article/pii/S0378112712005002},
author = {Tommaso Sitzia and Thomas Campagnaro and Matteo Dainese and Arne Cierjacks},
}

@unknown{landeck2022robinie,
author = {Landeck, Ingmar and Hildmann, Christian and Irrgang, Stefan and Gloger, Jan-Christoph and Kätzel, Ralf and Rüffer, Olaf},
year = {2022},
month = {12},
pages = {186},
title = {InvaRo - Bewertung des Invasivitätspotenzials der Robinie (Robinia pseudoacacia) in Brandenburg, Schlussbericht, FIB Forschungsinstitut für Bergbaufolgelandschaften e.V.},
doi = {10.2314/KXP:1879813734}
}

@inproceedings{hegi1924band43,
  author = 	 {Helmut Gams},
  editor = 	 {Gustav Hegi},
  booktitle = 	 {Illustrierte Flora von Mitteleuropa, Band IV, 3. Teil, Dicotyledones (II. Teil)},
  title  = 	 {Leguminósae},
  publisher = 	 {Lehmanns},
  year = 	 {1924},
  pages = 	 {1390--1399},
}

@Article{anonymNatLand1949robinie,
  author = 	 {Anonym},
  title = 	 {österreichische Naturdenkmale, Die älteste Robinie Mitteleuropas},
  journal = 	 {Natur und Land},
  year = 	 {1949},
  pages = 	 {152},
}

@Article{jagr1949robinie,
  author = 	 {Franz Jagr},
  title = 	 {Wiener Naturdenkmäler},
  journal = 	 {Natur und Land},
  year = 	 {1949},
  pages = 	 {130--132},
}

@article{boiger2024schnittholzBrennholz,
author = {Boiger, Theresa and Mair-Bauernfeind, Claudia and Asada, Raphael and Stern, Tobias},
title = {Shifting wood between material and energy use: Modeling the effects of substitution},
journal = {Journal of Industrial Ecology},
volume = {28},
number = {5},
pages = {1198-1211},
doi = {https://doi.org/10.1111/jiec.13530},
year = {2024}
}

@article{worldclim2017,
author = {Fick, Stephen E. and Hijmans, Robert J.},
title = {WorldClim 2: new 1-km spatial resolution climate surfaces for global land areas},
journal = {International Journal of Climatology},
volume = {37},
number = {12},
pages = {4302-4315},
doi = {https://doi.org/10.1002/joc.5086},
year = {2017}
}

@book{wiedemann1951ertragskunde,
  title={Ertragskundliche und waldbauliche Grundlagen der Forstwirtschaft: das Hauptergebnis der 70j{\"a}hrigen Arbeiten der (ehem.) Preussischen Forstlichen Versuchsanstalt},
  author={Eilhard Wiedemann},
  year={1951},
  publisher={J.D. Sauerl{\"a}nder}
}

@Article{rosenkranz1953heideBrand,
  author = 	 {Rosenkranz Friedrich},
  title = 	 {Vom Naturschutzgebiet Perchtoldsdorfer Heide},
  journal = 	 {Natur und Land},
  year = 	 {1953},
  pages = 	 {64--65},
}

@Article{rosenkranz1953heide,
  author = 	 {Rosenkranz Friedrich},
  title = 	 {Erinnerungen von der Perchtoldsdorfer Heide},
  journal = 	 {Natur und Land},
  year = 	 {1953},
  pages = 	 {56--58},
}

@article{feher2024robinie,
title={The impact of ungulate browsing on black locust competitive abilities in a temperate oak forest},
volume={22},
DOI={10.56617/tl.6535},
number={2},
journal={Tájökológiai Lapok},
author={Fehér, {\'A}dám and Centeri, Csaba and Keller, Boglárka and Katona, Krisztián},
year={2024},
month={12},
pages={43–62} }

@article{barta2023robinieReh,
author = {Barta, Tamás and Beier, László},
year = {2023},
month = {12},
pages = {122-127},
title = {The feed preference of roe deer in different habitats},
volume = {12},
journal = {Review on Agriculture and Rural Development},
doi = {10.14232/rard.2023.1-2.122-127}
}

@article{grosche2008robiniePferd,
  title = {Robinien als Ursache f\"{u}r Vergiftungen beim Pferd},
  volume = {36},
  ISSN = {2567-5842},
  DOI = {10.1055/s-0038-1622722},
  number = {S 01},
  journal = {Tier\"{a}rztliche Praxis Ausgabe K: Kleintiere / Heimtiere},
  publisher = {Georg Thieme Verlag KG},
  author = {Grosche,  A. and Hoops,  M. and Schusser,  G. F. and Uhlig,  A.},
  year = {2008},
  pages = {S54–S58}
}

@article{yang2017robinieHasen,
title = {The Taishan Robinia pseudoacacia polysaccharides enhance immune effects of rabbit haemorrhagic disease virus inactivated vaccines},
journal = {Microbial Pathogenesis},
volume = {112},
pages = {70-75},
year = {2017},
issn = {0882-4010},
doi = {https://doi.org/10.1016/j.micpath.2017.09.037},
author = {Shifa Yang and Guiming Li and Zengcheng Zhao and Minyan Feng and Jian Fu and Zhongli Huang and Minxun Song and Shuqian Lin},
}

@article{singh2010robnieHasennahrung,
title={Nutritive value of robinia (Robinia pseudoacacia) leaves in growing Soviet Chinchilla rabbits.},
volume={5},
DOI={10.4995/wrs.1997.332},
number={4},
journal={World Rabbit Science},
author={Singh, P. and Chaudhary, L.C. and Verma, A.K. and Pathak, N.N.},
year={2010},
month={7},
pages={135--137} }

@article{halasz2021robinieAlsTierutter,
author = {Halasz, Andras and Bajnok, Marta and Suli, Agnes and Mikó, Edit and Tamás, Schieszl},
year = {2021},
month = {03},
pages = {119-124},
title = {Importance of Black Locust (Robinia pseudoacacia) Foliage in the Extension of the Grazing Season and in the Reduction of Damages Caused by Climate Change (a Review)},
journal = {Journal of Rangeland Science},
volume = {11}
}

@inproceedings{papachristou1999robinieZiege,
author = {Papachristou, Thomas},
year = {1999},
month = {05},
pages = {99--103},
title = {Assessing the value of black locust (Robinia pseudoacacia L.) browse for animal feeding.},
booktitle = {Grasslands and Woody Plants in Europe. International Symposium. European Grassland Federation},
}

@article{ganai2009robnieSchaf,
author = {Ganai, Abdul Majeed and Ahmad, Hillal and Ahmad, Sheikh Bilal and Mir, Manzoor ur Rahman},
year = {2009},
month = {01},
pages = {341-344},
title = {Nutritional evaluation of Kikar (Robinia pseudo acacia) leaves in sheep.},
volume = {26},
journal = {Indian J Animal Nutrition}
}

@article{redei2006robiniePappel,
title={Stand structure and growth of mixed white poplar (Populus alba L.) and black locust (Robinia pseudoacacia L.) plantations in Hungary},
volume={2},
DOI={10.37045/aslh-2006-0002},
number={1},
journal={Acta Silvatica \& Lignaria Hungarica},
author={Rédei, Károly and Veperdi, Irina and Meilby, Henrik},
year={2006},
month={1},
pages={23–32}
}

@article{redei2020ulloi,
title={Management of Robinia pseudoacacia cv. ‘Üllői’ – ‘Üllői’ locust},
volume={16},
DOI={10.37045/aslh-2020-0001},
number={1},
journal={Acta Silvatica \& Lignaria Hungarica},
author={Rédei, Károly and Keserű, Zsolt and Bach, István and Rásó, János and Ábri, Tamás and Szabó, Fruzsina and Gál, János},
year={2020},
month={1},
pages={9–18}
}

@article{keserue2021robinie,
  title={Growing of Black Locust (Robinia pseudoacacia L.) Candidate Cultivars on Arid Sandy Site},
  volume={17},
  DOI={10.37045/aslh-2021-0004},
  number={1},
  journal={Acta Silvatica \& Lignaria Hungarica},
  author={Keserű, Zsolt and Borovics, Attila and Ábri, Tamás and Rédei, Károly and Lee, Il Hwan and Lim, Hyemin},
  year={2021},
  month={1},
  pages={51–61}
}

@article{meginnis1940robinieRueckschnitt,
    author = {H. G. Meginnis},
    title = {Effect of Top Pruning on Survival and Early Growth of Black Locust},
    journal = {Journal of Forestry},
    volume = {38},
    number = {1},
    pages = {30-36},
    year = {1940},
    month = {01},
    issn = {0022-1201},
    doi = {10.1093/jof/38.1.30},
}

@Article{foeldes1903robinie,
  author = 	 {János Földes},
  title = 	 {Az ákácz gyakorlati jelentősége},
  journal = 	 {Erdészeti lapok},
  year = 	 {1903},
  volume = 	 {4},
  number = 	 {42},
  pages = 	 {335--343},
}

@Article{kallina1888robinie,
  author = 	 {Károly Ka11ina},
  title = 	 {Az ákácz a tölgycsemeték szolgálatában},
  journal = 	 {Erdészeti lapok},
  year = 	 {1888},
  volume = 	 {8},
  number = 	 {27},
  pages = 	 {681--685},
}

@article{mauri2022baumartenZukunft,
  title = {EU-Trees4F, a dataset on the future distribution of European tree species},
  volume = {9},
  ISSN = {2052-4463},
  DOI = {10.1038/s41597-022-01128-5},
  number = {1},
  journal = {Scientific Data},
  publisher = {Springer Science and Business Media LLC},
  author = {Mauri,  Achille and Girardello,  Marco and Strona,  Giovanni and Beck,  Pieter S. A. and Forzieri,  Giovanni and Caudullo,  Giovanni and Manca,  Federica and Cescatti,  Alessandro},
  year = {2022},
  month = feb
}

@book{jrc2016treeAtlas,
  address = {LU},
  title = {European atlas of forest tree species.},
  DOI = {10.2760/776635},
  publisher = {Publications Office},
  author = {{European Commission, Joint Research Centre}},
  year = {2016}
}

@Article{bujtas1984robinie,
  author = 	 {Bujtás, Zoltán},
  title = 	 {A gödöllői árbocakác-kísérlet értékelése},
  journal = 	 {Az erdő},
  year = 	 {1984},
  volume = 	 {4},
  number = 	 {119/33},
  pages = 	 {164--165},
  month = 	 {4},
}

@Article{reaumur1721ertragstafel,
  author = 	 {René-Antoine Ferchault de Réaumur},
  title = 	 {Réflexions sur l'état des Bois du Royaume ; E
t sur les Précautions qu'on pourrait prendre pour en empêcher le dépérissement,
\& les mettre en valeur},
  journal = 	 {Mémoires de l'Académie royale des sciences},
  year = 	 {1721},
  pages = 	 {284--301},
}

@article{schwappach1902fremdlaendischeHolzarten,
  title = {Die Anbauversuche mit fremdl\"{a}ndischen Holzarten in Preußen},
  volume = {24},
  ISSN = {1439-0337},
  DOI = {10.1007/bf01842518},
  number = {9–10},
  journal = {Forstwissenschaftliches Centralblatt},
  publisher = {Springer Science and Business Media LLC},
  author = {Schwappach},
  year = {1902},
  month = oct,
  pages = {498–498}
}

@Article{rannert1979FremdlaendischeBaumarten,
  Title                    = {Über den Anbau fremdländischer Baumarten in Österreich - Von Cieslars ersten Anbauversuchen bis zum derzeitigen Stand},
  Author                   = {Herbert Rannert},
  Journal                  = {Centralblatt für das gesamte Forstwesen},
  Year                     = {1979},
}

@Article{cieslar1901FremdlaendischeHolzarten,
  Title                    = {Ueber Anbauversuche mit fremdländische Holzarten in Oesterreich},
  Author                   = {Adolf Cieslar},
  Journal                  = {Centralblatt für das gesamte Forstwesen},
  Year                     = {1901},
}

@Article{berner2018robinie,
  author = 	 {Christian Berner},
  title = 	 {Mensch und Wald in Wechselwirkung},
  journal = 	 {Forstzeitung},
  year = 	 {2018},
  volume = 	 {129},
  number = 	 {3},
  pages = 	 {32--34},
}

@Article{demel2004robinie,
  author = 	 {Günther Demel},
  title = 	 {Robinie Wertholzerzeugung auf Extremstandorten},
  journal = 	 {Forstzeitung},
  year = 	 {2004},
  volume = 	 {115},
  number = 	 {9},
  pages = 	 {16--17},
}

@Article{iby1998robinie,
  author = 	 {Hubert Iby},
  title = 	 {Erfahrungen mit Robinie im pannonischen Gebiet},
  journal = 	 {Forstzeitung},
  year = 	 {1998},
  volume = 	 {109},
  number = 	 {5},
  pages = 	 {6--7},
}

@Misc{heinze2014robinie,
  author = 	 {Berthold Heinze and Michael Mengl and Renate Slunsky},
  title = 	 {Robinienbestand Oberwinden -- genetische Untersuchung},
  howpublished = {Präsentation, Robinienveranstaltung Landwirtschaftskammer Niederösterreich, St. Pölten},
  date = {2014-11-11},
  month = 	 {11},
  year = 	 {2014},
}

@Article{schueler2006robinie,
  author = 	 {Silvio Schüler and Lambert Weißenbacher and Karl Sieber},
  title = 	 {Auf die Sorte kommt es an},
  journal = 	 {Forstzeitung},
  year = 	 {2006},
  volume = 	 {8},
  pages = 	 {8--9},
}

@PhdThesis{abri2024dis,
  author = {Tamás \'{A}bri},
  title = 	 {Szelektált Akácfajták Ökológiai és Termesztési Technológiai Értékelése},
  school = 	 {Debreceni Egyetem, Kerpely Kálmán Doktori I Skola},
  year = 	 {2024},
}

@Article{bach1983robinie,
  author = 	 {Bach, István},
  title = 	 {Új, államilag minősített erdészeti növényfajták},
  journal = 	 {Az erdő},
  year = 	 {1983},
  volume = 	 {10},
  number = 	 {118/32},
  pages = 	 {467--469},
  month = 	 {4},
}

@Article{kapusi1995robinie,
  author = 	 {Imre Kapusi},
  title = 	 {Ültessünk akácfát},
  journal = 	 {Erdészeti lapok},
  year = 	 {1995},
  volume = 	 {10},
  number = 	 {130},
  pages = 	 {314--315},
}

@Article{zsombor1980robinie,
  author = 	 {Ferenc Zsombor},
  title = 	 {Új Minősített Akácfajták},
  journal = 	 {Az erdő},
  year = 	 {1980},
  volume = 	 {4},
  number = 	 {115/29},
  pages = 	 {174--176},
  month = 	 {4},
}

@TechReport{nemeth2022robinie,
  author = 	 {Jenő Németh and Kálmán Pogrányi and Sándor Horváth and Márton Németh},
  title = 	 {The preservation of natural forests through the establishment of industrial wood production plantations via the new, fast growing Robinia pseudoacacia ‘Turbo Obelisk’ varieties and new cultivation technologies},
  institution =  {XV World Forestry Congress},
  year = 	 {2022},
}

@article{abri2023robinieUngarn,
author = {T Abri and K Cseke and Z Keseru and A Porcsin and FM Szabo and K Redei},
title = {{Breeding and improvement of black locust (Robinia pseudoacacia L.) with a special focus on Hungary: a review}},
journal = {iForest - Biogeosciences and Forestry},
volume = {16},
number = {5},
pages = {290-298},
year = {2023},
doi = {10.3832/ifor4254-016}
}

@article{liesebach2021robinie,
  author = 	{Liesebach, Mirko
		and Jablonski, Eike J{\"o}rn},
  title = 	{Die Sorten der Robinien (Robinia L.)},
  journal = 	{Mitteilungen der Deutschen Dendrologischen Gesellschaft},
  year = 	{2021},
  publisher = 	{Ulmer},
  volume = 	{106},
  pages = 	{63--92},
  issn = 	{0070-3958},
  language = 	{de}
}

@TechReport{santamour1960robinie,
  author = 	 {Frank S. Santamour},
  title = 	 {Performance of Five Selected Black Locust Clones at the Morris Arboretum, Moris Arboretum Bulletin},
  year = 	 {1960},
  number = 	 {4},
  volume = {11},
  pages = {67--70},
  institution = {Moris Arboretum}
}

@book{kolesnikov1971wurzeln,
  title={The Root System of Fruit Plants},
  author={Venedikt Andreevich Kolesnikov},
  year={1971},
  publisher={MIR Publishers Moscow}
}

@inproceedings{scamoni1952robinieWurzeln,
  author = 	 {Alexis Scamoni},
  editor = 	 {Kurt Göhre},
  booktitle = 	 {Die Robinie (falsche Akazie) und ihr Holz},
  title  = 	 {Über das Wurzelsystem bei älteren Robinien},
  publisher = 	 {Deutscher Bauernverlag},
  year = 	 {1952},
}

@article{hopp1941robinie,
    author = {Henry Hopp},
    title = {Growth-Form Variation in Black Locust and Its Importance in Farm Planting},
    journal = {Journal of Forestry},
    volume = {39},
    number = {1},
    pages = {40-46},
    year = {1941},
    month = {01},
    issn = {0022-1201},
    doi = {10.1093/jof/39.1.40},
}

@TechReport{steinergroup1987robinie,
  author = 	 {{U. S. Department of Agriculture Soil Conservation Service National Plant Materials Center} and {U. S. Department of Agriculture Forest Service} and {West Virginia Department of Agriculture Forestry Division} and {U. S. Department of Agriculture Agricultural Research Service U. S. National Arboretum}},
  title = 	 {Announce Release of the Steiner Group of Black Locusts},
  year = 	 {1987},
  institution = {U. S. Department of Agriculture Soil Conservation Service}
}

@book{wangenheim1781nordamericanischeHolzarten,
  title={Beschreibung einiger Nordamericanischen Holz-- und Buscharten, mit Anwendung auf teutsche Forsten; zum gebrauch f{\"u}r Holzgerechte J{\"a}ger und Anpflanzer fremder Holzarten},
  author={Friedrich Adam Julius von Wangenheim},
  year={1781},
  publisher={Johann Christian. Dieterich}
}

@Book{crane1985honig,
  author = 	 {Eva Crane and Penelope Walker},
  title = 	 {Some nectar characteristics of certain
important world honey sources},
  publisher = 	 {International Bee Research Association},
  year = 	 {1986},
}

@Article{crane1985honigB,
  author = 	 {Eva Crane and Penelope Walker},
  title = 	 {Some nectar characteristics of certain
important world honey sources},
  journal = 	 {Pszczelnicze Zeszyty naukowe},
  year = 	 {1985},
  pages = 	 {29--45},
  number = 	 {29},
}

@InBook{liesebach2012robinie,
  author = 	 {Heike Liesebach and Gisela Naujoks},
  ALTeditor = 	 {},
  title = 	 {Züchtung und Ertragsleistung schnellwachsender Baumarten im Kurzumtrieb Erkenntnisse aus drei Jahren FastWOOD, ProLoc und Weidenzüchtung, Beiträge aus der Nordwestdeutschen Forstlichen Versuchsanstalt},
  chapter = 	 {Klonidentifizierung bei Zuchtmaterial der Robinie (Robinia pseudoacacia L.) mit nuklearen Mikrosatellitenmarkern},
  publisher = 	 {Nordwestdeutsche Forstliche Versuchsanstalt},
  year = 	 {2012},
  volume = 	 {8},
  pages = 	 {267--274},
}

@Article{ernyey1926robinie,
  author = 	 {Jószef Ernyey},
  title = 	 {Az akácfa vándorútja és megtelepülése hazánkban, Die Wanderwege der Robinie und ihre Ansiedlung in Ungarn},
  journal = 	 {Magyar Botanikai Lapok, Ungarische Botanische Blätter},
  year = 	 {1926},
  volume = 	 {25},
  pages = 	 {161--191},
}

@Book{vadas1911robinie,
  author = 	 {Jenö Vadas},
  title = 	 {Az Ákácfa Monografiája},
  publisher = 	 {Országos Erdészeti Egyesület},
  year = 	 {1911},
}

@Book{deLaBrosse1636robinie,
  author = 	 {de la Brosse, Guy},
  title = 	 {Description du jardin royal des plantes médecinales estably par le roi Louis le Juste à Paris, Contenant le Catalogue des plantes qui y sont de present cultivées, ensemble le Plan du Jardin},
  year = 	 {1636},
  publisher = {A Paris}
}

@book{loudon1838arboretum1,
	title = {Arboretum et fruticetum britannicum, or : The trees and shrubs of Britain, native and foreign, hardy and half-hardy, pictorially and botanically delineated, and scientifically and popularly described},
	volume = {v.1},
	publisher = {Longman},
	author = {John Claudius Loudon},
	year = {1838},
}

@Book{parkinson1640theatrumBotanicum,
  title={Theatrum Botanicum: The Theater of Plants : Or An Universal and Compleate Herball},
  author={John Parkinson},
  year={1640},
  publisher={Tho. Cotes},
}

@book{cornuti1635robinie,
  title={Canadensivm Plantarvm, aliarúmque nondum editarum Historia. Cui adiectum est ad calcem Enchiridion Botanicvm Parisiense, Continens Indicem Plantarum, quae in Pagis, Siluis, Pratis, \& Montosis iuxta, Parisios locis nascuntur},
  author={Jacques Philippe Cornuti},
  year={1635},
  publisher={Simonem Le Moyne}
}

@book{gunther1922botanists,
	title = {Early British botanists and their gardens, based on unpublished writings of Goodyer, Tradescant, and others},
	publisher = {Oxford, Printed by F. Hall for the author at the University Press, 1922},
	author = {Robert Theodore Gunther},
	year = {1922},
	pages = {450},
}

@book{strachey1610-1612historie,
  title={The Historie of Travaile Into Virginia Britannia; Expressing the Cosmographie and Comodities of the Country, Togither with the Manners and Customes of the People},
  author={William Strachey and Richard Henry Major},
  year={1610--1612/1849},
  publisher={Hakluyt Society}
}

@article{toole1938robinie,
    author = {Toole, E. Richard},
    title = {Relative Durability of Black Locust and Shipmast Locust when Subjected to Four Wood Decay Fungi},
    journal = {Journal of Forestry},
    volume = {36},
    number = {11},
    pages = {1120-1122},
    year = {1938},
    month = {11},
    issn = {0022-1201},
    doi = {10.1093/jof/36.11.1120},
}

@article{hirt1938robinie,
    author = {Hirt, Ray R.},
    title = {A Progress Report on Laboratory Tests of the Relative Durability of Different Varieties of Black Locust Subjected to Certain Wood Decay Fungi},
    journal = {Journal of Forestry},
    volume = {36},
    number = {1},
    pages = {53-55},
    year = {1938},
    month = {01},
    issn = {0022-1201},
    doi = {10.1093/jof/36.1.53},
}

@article{hall1937robinie,
    author = {Hall, Ralph C.},
    title = {Growth and Yield in Shipmast Locust on Long Island and Its Relative Resistance to Locust Borer Injury},
    journal = {Journal of Forestry},
    volume = {35},
    number = {8},
    pages = {721-727},
    year = {1937},
    month = {08},
    issn = {0022-1201},
    doi = {10.1093/jof/35.8.721},
}


@TechReport{minckler1948robinie,
  author = 	 {Leon S. Minckler},
  title = 	 {Shipmast vs. common black locust in southern Illinois},
  institution =  {Central States Forest Experiment Station : United States Forest Service, Station notes},
  year = 	 {1948},
  number = 	 {45},
  month = 	 {6},
}

@article{cope1938robinie,
    author = {J. A. Cope},
    title = {Further notes on Shipmast Locust},
    journal = {Journal of Forestry},
    volume = {36},
    number = {8},
    pages = {812-813},
    year = {1938},
    month = {08},
    issn = {0022-1201},
    doi = {10.1093/jof/36.8.804},
}

@Article{hicks1883robinie,
  author = 	 {John S. Hicks},
  title = 	 {The Black and Yellow Locust},
  journal = 	 {The American Journal of Forestry},
  year = 	 {1883},
  pages = 	 {465--469},
  month = 	 {7},
}

@book{hopp1941robinieUnterschied,
  title={Methods of Distinguishing Between the Shipmast and Common Forms of Black Locust on Long Island, N.Y.},
  author={Hopp, H.},
  series={Technical bulletin (United States. Department of Agriculture)},
  year={1941},
  publisher={U.S. Department of Agriculture}
}

@article{hopp1947robinie,
  title={Effect of Site on Growth of Shipmast Locust},
  author={Hopp, Henry and Grober, Samuel},
  journal={Journal of Agricultural Research},
  volume={74},
  pages={315},
  year={1947},
  publisher={US Government Printing Office}
}

@article{raber1938robinie,
    author = {Raber, Oran},
    title = {The History of Shipmast Locust},
    journal = {Journal of Forestry},
    volume = {36},
    number = {11},
    pages = {1116-1119},
    year = {1938},
    month = {11},
    issn = {0022-1201},
    doi = {10.1093/jof/36.11.1116},
}

@article{detwiler1937robinie,
    author = {Detwiler, S. B.},
    title = {The History of Shipmast Locust},
    journal = {Journal of Forestry},
    volume = {35},
    number = {8},
    pages = {709-712},
    year = {1937},
    month = {08},
    issn = {0022-1201},
    doi = {10.1093/jof/35.8.709},
}

@article{swingle1937robinie,
    author = {Swingle, Charles F.},
    title = {Experiments in Propagating Shipmast Locust},
    journal = {Journal of Forestry},
    volume = {35},
    number = {8},
    pages = {713-720},
    year = {1937},
    month = {08},
    issn = {0022-1201},
    doi = {10.1093/jof/35.8.713},
}

@article{keresztesi1983robinie,
title = {Breeding and cultivation of black locust, Robinia pseudoacacia, in Hungary},
journal = {Forest Ecology and Management},
volume = {6},
number = {3},
pages = {217-244},
year = {1983},
note = {Forest Genetics and Intensive Forest Management},
issn = {0378-1127},
doi = {https://doi.org/10.1016/S0378-1127(83)80004-8},
author = {Béla Keresztesi},
}

@Article{mihalyi1937robinie,
  author = 	 {Zoltán Mihályi},
  title = 	 {Egy figyelemreméltó akác-válfaj, Eine bemerkenswerte Akazienrasse},
  journal = 	 {Erdészeti Lapok},
  year = 	 {1937},
  volume = 	 {11},
  number = 	 {76},
  pages = 	 {850--862},
  month = 	 {11},
}

@article{fleischmann1939robinie,
  title = {Weitere Ergebnisse auf dem Gebiete der Robinienz\"{u}chtung},
  volume = {11},
  ISSN = {0514-0641},
  DOI = {10.1007/bf01812387},
  number = {4},
  journal = {Der Z\"{u}chter},
  publisher = {Springer Science and Business Media LLC},
  author = {Fleischmann,  Rudolf},
  year = {1939},
  month = apr,
  pages = {90–94}
}

@article{fleischmann1933robinie,
  title = {Beitr\"{a}ge zur Robinienz\"{u}chtung},
  volume = {5},
  ISSN = {0514-0641},
  DOI = {10.1007/bf01812480},
  number = {4},
  journal = {Der Z\"{u}chter},
  publisher = {Springer Science and Business Media LLC},
  author = {Fleischmann,  Rudolf},
  year = {1933},
  month = apr,
  pages = {85–88}
}

@book{cobbett1825woodlands,
  title={The Woodlands},
  author={William Cobbett},
  year={1825},
  publisher={W. Cobbett}
}

@article{quatrefages1861robinie,
 author = {A. de Quatrefages},
 journal = {Revue des Deux Mondes (1829-1971)},
 number = {1},
 pages = {155--175},
 publisher = {Revue des Deux Mondes},
 title = {Histoire Naturelle de L'Homme Unité de L'Espèce Humaine. II. L'Espèce. la Variété. la Race},
 volume = {31},
 year = {1861}
}

@book{Michaux1813arbres,
	title = {Histoire des arbres forestiers de l'Amérique septentrionale, considérés principalement sous les rapports de leur usages dans les arts et de leur introduction dans le commerce ...  },
	volume = {v.3},
	publisher = {Paris, L. Haussmann},
	author = {Michaux, François-Andréac},
	year = {1813},
	pages = {546},
	keywords = {North America|Trees|},
}


@book{raber1936shipmast,
  title={Shipmast Locust: A Valuable Undescribed Variety of Robinia Pseudoacacia},
  author={Raber, Oran},
  series={Circular},
  year={1936},
  publisher={U.S. Department of Agriculture}
}

@Book{little1971treeAtlas,
  author = 	 {Elbert L. Jr. Little},
  title = 	 {Atlas of United States trees. Volume 1. Conifers and important hardwoods},
  publisher = 	 {Publ. 1146. Washington, DC: U.S. Department of Agriculture, Forest Service},
  year = 	 {1971},
}

@misc{gbifRob,
  doi = {10.15468/39OMEI},
  url = {https://www.gbif.org/species/5352251},
  author = {{GBIF Secretariat}},
  language = {en},
  title = {GBIF Backbone Taxonomy Accessed via https://www.gbif.org/species/5352251 -- Robinia pseudoacacia L., 2025-06-14},
  year = {2025},
  copyright = {Creative Commons Attribution 4.0 International}
}

@article{jung2010robinie,
author = {Jung, Koo and Fujii, Yoshiharu and Yoshizaki, Shinji and Kobori, Hiromi},
year = {2010},
month = {10},
pages = {243-254},
title = {Evaluation of total allelopathic activity of heartseed walnut (Juglans ailanthifolia Carr.) and its potential to control black locust (Robinia pseudo-acacia L.)},
volume = {26},
journal = {Allelopathy Journal}
}

@article{hanzelka2015robinie,
author = {Hanzelka, Jan and Reif, Jiri},
journal = {Sylvia},
year = {2015},
month = {01},
pages = {63-73},
title = {Relativní míra predace umělých hnízd v invazních
akátových a přírodě blízkých dubových porostech; Relative predation rate of artificial nests in the invasive black locust and semi-natural oak stands},
volume = {51}
}

@article{huehn1986klonanazahl,
  title = {Theoretical studies on the necessary number of components in mixtures: 3. Number of components and risk considerations},
  volume = {72},
  ISSN = {1432-2242},
  DOI = {10.1007/bf00266994},
  number = {2},
  journal = {Theoretical and Applied Genetics},
  publisher = {Springer Science and Business Media LLC},
  author = {H\"{u}hn,  M.},
  year = {1986},
  month = mar,
  pages = {211–218}
}

@Article{mueller1991robinie,
  author = 	 {Ferdinand Müller},
  title = 	 {Die Robinie},
  journal = 	 {Österreichische Forstzeitung},
  year = 	 {1991},
  volume = 	 {11},
  pages = 	 {31--34},
}

@Article{mueller1999robinie,
  author = 	 {Ferdinand Müller},
  title = 	 {Die Robinie},
  journal = 	 {Österreichische Forstzeitung},
  year = 	 {1990},
  volume = 	 {5},
  pages = 	 {22--24},
}

@article{vitkova2017robinie,
title = {Black locust (Robinia pseudoacacia) beloved and despised: A story of an invasive tree in Central Europe},
journal = {Forest Ecology and Management},
volume = {384},
pages = {287-302},
year = {2017},
issn = {0378-1127},
doi = {https://doi.org/10.1016/j.foreco.2016.10.057},
author = {Michaela Vítková and Jana Müllerová and Jiří Sádlo and Jan Pergl and Petr Pyšek},
keywords = {, Central Europe, History, Invasiveness, Threatened habitat, Management},
}

@article{bouteiller2019robinie,
author = {Bouteiller, Xavier Paul and Verdu, Cindy Frédérique and Aikio, Emmi and Bloese, Paul and Dainou, Kasso and Delcamp, Adline and De Thier, Olivier and Guichoux, Erwan and Mengal, Coralie and Monty, Arnaud and Pucheu, Marion and van Loo, Marcela and Josée Porté, Annabel and Lassois, Ludivine and Mariette, Stéphanie},
title = {A few north Appalachian populations are the source of European black locust},
journal = {Ecology and Evolution},
volume = {9},
number = {5},
pages = {2398-2414},
keywords = {biological invasion, bottleneck, introduction history, population genetics, Robinia pseudoacacia, single-nucleotide polymorphism},
doi = {https://doi.org/10.1002/ece3.4776},
year = {2019}
}


@article{berry1918robinie,
 author = {Edward W. Berry},
 journal = {The Plant World},
 number = {11},
 pages = {284--298},
 publisher = {Ecological Society of America},
 title = {Geologic History of the Locust and its Allies},
 volume = {21},
 year = {1918}
}


@BOOK{ashton2018silviculture,
  title     = "The practice of silviculture",
  author    = "Ashton, Mark S and Kelty, Matthew J",
  publisher = "John Wiley \& Sons",
  edition   =  10,
  month     =  mar,
  year      =  2018,
  address   = "Nashville, TN",
  language  = "en"
}

@inbook{schuett2014alnusIncarna,
author = {Schütt, Peter and Lang, Ulla M.},
publisher = {John Wiley \& Sons, Ltd},
isbn = {9783527678518},
title = {Alnus incana},
booktitle = {Enzyklopädie der Holzgewächse: Handbuch und Atlas der Dendrologie},
chapter = {},
pages = {1-10},
doi = {https://doi.org/10.1002/9783527678518.ehg1999041},
year = {2014},
keywords = {Alnus lanuginosa, Betulaceae, Grau-Erle, Weiß-Erle, Speckled alder, Grey alder, Aune blanc, Ontano bianco, Olsza szara, Verbreitung, Beschreibung, Habitus, Knospen, Blätter, Zweige, Blüten, Früchte, Samen, Rinde, Holz, Bewurzelung, Verjüngung, Anzucht, Taxonomie, Artbastarde, genetische Differenzierung, Ökologie, Wachstum, Pathologie, Nutzung},
}


@article{danso1995robinieN,
title = {Measurement of biological N2 fixation in field-grown Robinia pseudoacacia L},
journal = {Soil Biology and Biochemistry},
volume = {27},
number = {4},
pages = {415-419},
year = {1995},
issn = {0038-0717},
doi = {https://doi.org/10.1016/0038-0717(95)98612-R},
author = {S.K.A. Danso and F. Zapata and K.O. Awonaike},
}

@article{noh2009robinieN,
  title = {Comparison of Nitrogen Fixation for North- and South-facing Robinia pseudoacacia Stands in Central Korea},
  volume = {53},
  ISSN = {1867-0725},
  DOI = {10.1007/s12374-009-9088-9},
  number = {1},
  journal = {Journal of Plant Biology},
  publisher = {Springer Science and Business Media LLC},
  author = {Noh,  Nam Jin and Son,  Yowhan and Koo,  Jin Woo and Seo,  Kyung Won and Kim,  Rae Hyun and Lee,  Yoon Young and Yoo,  Kyung Seun},
  year = {2009},
  month = dec,
  pages = {61–69}
}

@article{boring1984robinieN,
    author = {Boring, Lindsay R. and Swank, Wayne T.},
    title = {Symbiotic Nitrogen Fixation in Regenerating Black Locust (Robinia pseudoacacia L.) Stands},
    journal = {Forest Science},
    volume = {30},
    number = {2},
    pages = {528-537},
    year = {1984},
    month = {06},
    issn = {0015-749X},
    doi = {10.1093/forestscience/30.2.528},
}


@Booklet{kolbe2008stickstoff,
  title = 	 {Verfahren zur Berechnung der N-Bindung von Leguminosen im Ökolandbau},
  author = 	 {Hartmut Kolbe},
  year = 	 {2008},
}

@article{emberger1965stickstoff,
  title = {Die Stickstoffvorr\"{a}te bayerischer Waldb\"{o}den},
  volume = {84},
  ISSN = {1439-0337},
  DOI = {10.1007/bf02167768},
  number = {5–6},
  journal = {Forstwissenschaftliches Centralblatt},
  publisher = {Springer Science and Business Media LLC},
  author = {Emberger,  S.},
  year = {1965},
  month = may,
  pages = {156–193}
}

@Article{raspe2018stickstoff,
  author = 	 {Stephan Raspe and Hans-Peter Dietrich and Desirée Köhler and Alfred Schubert and Joachim Stiegler},
  title = 	 {Stickstoff im Überfluss, Waldböden in Bayern reichern Stickstoff weiter an},
  journal = 	 {LWF aktuell},
  year = 	 {2018},
  volume = 	 {2},
  pages = 	 {21--24},
}

@TechReport{uba1998deposition,
  author = 	 {Schneider, Jürgen},
  title = 	 {Kartierung der nassen Deposition in Österreich, BE-104},
  institution =  {Umweltbundesamt},
  year = 	 {1998},
}

@Misc{ama2024duengemittel,
  author = 	 {{AgrarMarkt Austria}},
  title = 	 {Düngemittel Reinnährstoffabsatz in Österreich},
  month = 	 {12},
  year = 	 {2024},
}

@Misc{niederoesterreich2000Naturschutzgesetz,
  author = 	 {{Niederösterreichischer Landtag}},
  title = 	 {NÖ Naturschutzgesetz 2000 (NÖ NSchG 2000)},
  year = 	 {2000},
}

@Misc{niederoesterreich2005artenschutzverordnung,
  author = 	 {{Niederösterreichische Landesregierung}},
  title = 	 {NÖ Artenschutzverordnung},
  year = 	 {2005},
}

@Misc{burgenland2021ragweed,
  author = 	 {{Burgenländischer Landtag}},
  title = 	 {Gesetz vom 1. Juli 2021 zur Bekämpfung und zur Verhinderung der Ausbreitung des Beifußblättrigen Traubenkrauts (Ambrosia artemisiifolia, Ragweed) im Burgenland (Burgenländisches Ragweed-Bekämpfungsgesetz - Bgld. RBG)},
  year = 	 {2021},
}

@Misc{oebf2019aliensAusDemGarten,
  author = {{\"{O}sterreichische Bundesforste}},
  publisher = {{Österreichische Bundesforste}},
  title = 	 {Aliens aus dem Garten, 3. Auflage},
    year = 	 {2019},
}

@Misc{hasenauer2014waldbauNewsletter,
  author = 	 {Hubert Hasenauer},
  title = 	 {Waldbauliche Analyse des Anbaues von Götterbaum in Ostösterreich -- Waldbau Newsletter 2014 / 2},
  year = 	 {2014},
}

@misc{eu2014verordnungInvasiverArten,
	author = {{Europäisches Parlament, Rat der Europäischen Union}},
	year = {2014},
	title = {Verordnung (EU) Nr. 1143/2014 des Europäischen Parlaments und des Rates vom 22. Oktober 2014 über die Prävention und das Management der Einbringung und Ausbreitung invasiver gebietsfremder Arten},
	howpublished = {\url{http://data.europa.eu/eli/reg/2014/1143/2019-12-14}},
}

@misc{eu2019verordnungListeInvasiverArten,
	author = {{Europäische Kommission, Generaldirektion Umwelt}},
	year = {2019},
	title = {Durchführungsverordnung (EU) 2019/1262 der Kommission vom 25. Juli 2019 zur Änderung der Durchführungsverordnung (EU) 2016/1141 zwecks Aktualisierung der Liste invasiver gebietsfremder Arten von EU-weiter Bedeutung},
	howpublished = {\url{https://eur-lex.europa.eu/eli/reg_impl/2019/1262/oj}},
}

@article{huber2025goetterbaum,
    title = "Wood Technological Properties of the Tree of Heaven (Ailanthus altissima (Mill.) Swingle) and Studies on Possible Applications",
    author = "Christian Huber and Alfred Teischinger and Robert Stingl and Maximilian Pramreiter and Alexander Stadlmann and Reinhard Brandner and Ulrich Müller",
    journal = "Forest Products Journal",
    year = "2025",
    month = mar,
    publisher = "Forest Products Research Society",
    issn = "0015-7473",
    volume = "75",
    number = "2",
    pages = "109--119",
    doi = "10.13073/FPJ-D-24-00050",
}

@Article{minelli1967fremdlaendischeBaumartenInNiederoesterreich,
  Title                    = {Bericht über die in Niederösterreich vorkommenden fremdländischen Baumarten},
  Author                   = {Hans Minelli},
  Journal                  = {Centralblatt für das gesamte Forstwesen},
  Year                     = {1967},
}

@Article{tschermak1931Anbauversuche,
  Title                    = {Die ältesten Anbauversuche mit fremdländischen Holzarten in Oesterreich},
  Author                   = {Leo Tschermak},
  Journal                  = {Wiener allgemeine Forst- und Jagd-Zeitung},
  Year                     = {1931},
}

@Book{mayr1906FremdlaendischeWaldUndParkbaeumeFuerEuropa,
  Title                    = {Fremdländische Wald- und Parkbäume für Europa},
  Author                   = {Heinrich Mayr},
  Year                     = {1906},
}

@Article{melzer1958Anbauversuche,
  Title                    = {Über Anbauversuche mit FFremdländische Baumarten in Österreich},
  Author                   = {Heinz Melzer},
  Journal                  = {Centralblatt für das gesamte Forstwesen},
  Year                     = {1958},
}

@Article{rannert1958FremdlaendischeBaumarten,
  Title                    = {Zur Inventur der fremdländischen Baumarten in Österreich},
  Author                   = {Herbert Rannert},
  Journal                  = {Centralblatt für das gesamte Forstwesen},
  Year                     = {1958},
}
